3796 5650
1073.0 476.0 1109.0 171.0 tenoit son chief Acline seur le seint au

1057.0 609.0 1125.0 123.0 tel.Qant ce uirent lipluisor qi enleglisse

1057.0 704.0 1137.0 99.0 estoient.ilsen esmerueillierent mout ne

1064.0 788.0 1110.0 111.0 ne loserent esueillier degrant piece:Et

1070.0 872.0 1175.0 113.0 qant lespace de.ii.eures ou de.iii.fu tres

1057.0 953.0 1133.0 112.0 passee:illesueillierent.silidistrent.Sire

1074.0 1035.0 1192.0 107.0 eure est trespassee mandez lalecon alire:

1058.0 1106.0 1168.0 122.0 car lipueples est lassez ennuiez desilon

1074.0 1199.0 1156.0 110.0 ge demorance.Seinz ambroses lor respon

1066.0 1281.0 1112.0 108.0 di.neuoz corrociez mie nenetroublez:

1061.0 1365.0 1163.0 105.0 bien saciez qe mout ma ualu ce qe ie ein

1077.0 1445.0 1136.0 110.0 si dormi:car nostre sires mademostreI

1065.0 1530.0 1177.0 109.0 mout bel miracle.car seinz martins mes

1070.0 1613.0 1141.0 110.0 freres qiarcheuesqes estoit detors est issuz

1058.0 1703.0 1140.0 101.0 de ceste uie:iai iafait leseruice trestot

1065.0 1786.0 1132.0 99.0 fors seulement lechapitiel qeuosmauez

1063.0 1868.0 1158.0 108.0 tolu adire par ce qeuos mesuellastes. Dont

1072.0 1951.0 1087.0 104.0 furent cil tuit esbahi ensamble.mout

1067.0 2024.0 1130.0 105.0 sen esmeruellierent.si noterent le tens

1056.0 2119.0 1131.0 98.0 leure qe ce auoit este fet:sitrouerent

1050.0 2190.0 1126.0 106.0 uerite qe tot ensi estoit lachose auenue.

1287.0 2268.0 931.0 117.0 out estoit cil preudom:seinz hom

1279.0 2343.0 883.0 133.0 beneurez encui trespassement

1265.0 2432.0 939.0 111.0 de ceste uie.li seint home chantoi

1048.0 2520.0 1172.0 102.0 ent les compaignies des seinz angeles ses

1059.0 2597.0 1130.0 82.0 leecoient.Et encontre cuiame totes les ce

1066.0 2684.0 1144.0 96.0 lestieus uertuz uenoient:cui li deable

1066.0 2768.0 1172.0 96.0 estoient confonduz.seinte eglisse enforcie

1066.0 2846.0 1124.0 95.0 qi seint michiel recut ensamble oles an

1071.0 2933.0 1118.0 101.0 geles.la mere nostre signor iesucrist qi roi

1078.0 3015.0 1124.0 102.0 ne est de tote creature ensamble olapagnie

1062.0 3096.0 1152.0 102.0 des seintes uirges.qiparadiz retient ensam

987.0 3157.0 1202.0 116.0 ble ocels qi idemeinent grant ioie leesche en

1057.0 3255.0 1129.0 99.0 samble ole signor qidetote chose est sires

1050.0 3340.0 1143.0 111.0 crieres.qiuit regne toz les siecles des sie

1058.0 3410.0 1180.0 122.0 cles emmenable gloireou nos tuit puisss

1060.0 3501.0 1127.0 105.0 uenir.Amen. Ci mence latranslati

1116.0 3585.0 924.0 88.0 del cors seint martin Euesque.

1887.0 3680.0 291.0 95.0 pres ce qeli

1887.0 3761.0 305.0 99.0 seinz hom

1894.0 3847.0 293.0 74.0 dont ie uos

1900.0 3925.0 302.0 77.0 ai conte la

1898.0 3999.0 308.0 84.0 uie futres

1893.0 4066.0 321.0 120.0 passez de cest

1893.0 4168.0 297.0 82.0 mortel sie

1874.0 4251.0 306.0 116.0 cle.lxiiii.

2458.0 350.0 1182.0 297.0 Anz tout droitement fu esleuez aarche

2518.0 606.0 1115.0 125.0 uesqes detors uns seinz hom.debone uie

2497.0 691.0 1128.0 132.0 qi perpetuus estoit apelez par non.Qant

2493.0 782.0 1165.0 130.0 il fu enla dignite enla signorie:il porp

2505.0 862.0 1127.0 127.0 sa afere sor le cors seint martin plus hau

2492.0 944.0 1117.0 121.0 te eglisse plus bele.qele ni estoit faite.Ce

2498.0 1030.0 1121.0 119.0 fistil molt grant estude.molt enauri

2500.0 1113.0 1098.0 109.0 ons aparler ment loeure fuparfaite

2491.0 1194.0 1135.0 110.0 consomee:senous aplus haute chose rac

2500.0 1277.0 1125.0 126.0 ter dire:nauions propose ametre nostre

2492.0 1340.0 1108.0 121.0 entente.Qnt ele fu toutefete somee.

2504.0 1443.0 1125.0 107.0 Li seinz archeuesqes mandatoz les uoisins

2485.0 1525.0 1123.0 118.0 euesqes toz les abbes les prestres les

2500.0 1610.0 1116.0 109.0 clers delacontree por leglisse dedier beneir

2496.0 1701.0 1116.0 98.0 por lecors de saint martin oster dela ou

2508.0 1784.0 1102.0 107.0 il estoit enfoiz metre enautre leu agnt

2494.0 1867.0 1094.0 106.0 honeur agrant ioie agrant segnorie

2487.0 1949.0 1101.0 100.0 sicom droiz estoit.Et por ce uoloit libons

2497.0 2033.0 1100.0 96.0 archeuesqes qe ceste translation fust fete

2488.0 2116.0 1097.0 109.0 leior des premieres kalendes de Juignet.

2484.0 2201.0 1125.0 98.0 Il ueillierent lanuit deuant.qant uint

2500.0 2273.0 1068.0 103.0 lamatinee.il mencierent afoir laterre

2496.0 2364.0 1107.0 95.0 qi estoit deseur lesarqu:puis si misent

2493.0 2444.0 1118.0 105.0 lor meins tot entor por leuer leamont por

2492.0 2526.0 1125.0 102.0 remuer le.Mes onqes ne sorent tant pener

2488.0 2608.0 1072.0 93.0 netraueillier qil le peussent remouoir

2492.0 2682.0 1100.0 88.0 ennule maniere. Dont furent molt dolenz

2482.0 2771.0 1131.0 100.0 silessierent trespasser leior tresqa la nuit

2496.0 2839.0 1096.0 105.0 qiuenoit. Etcele meisme nuit reuelliert

2496.0 2935.0 1072.0 101.0 iltoute tresqa lamatinee. Donc siressaie

2477.0 3017.0 1110.0 103.0 rent silporoient leseint cors atot lesarqu

2496.0 3098.0 1042.0 105.0 remouoir neamont treire.Lors furent

2476.0 3178.0 1086.0 106.0 molt dolenz molt espoentez.car il nele

2492.0 3263.0 1103.0 104.0 pooient mouoir nene sauoient qil en pe

2501.0 3342.0 1108.0 107.0 ussent fere.Dont la uns des clers qi la estoi

2492.0 3422.0 1066.0 105.0 ent sidist.Dont ne sauez uosbeau sig

2492.0 3505.0 1091.0 109.0 nors qe tresqa tierz ior sera la feste delior qil

2482.0 3576.0 1119.0 119.0 recut larceuesqie.ceste feste auoit il acostu

2484.0 3668.0 1098.0 116.0 me afeire. par auenture tresqa ce ior.ne uelt

2495.0 3749.0 1077.0 108.0 il con le remueue.Li euesqe li clergies qila

2482.0 3830.0 1118.0 113.0 estoient assemblez:sasistrent aces oles.si

2480.0 3925.0 1108.0 103.0 ifurent tresqau tierz ior enieunes enori

2498.0 3989.0 1110.0 111.0 sons en uegiles.Etqant uint au qart ior.

2496.0 4069.0 1103.0 120.0 ilsaprochierent au sarqu ouli cors gisoit del

2488.0 4157.0 1108.0 111.0 seint home.Si imistrent toz les meins por

2486.0 4244.0 1090.0 120.0 remouoir le por leuer le mesil ne porent.
