3823 5658
193.0 449.0 1165.0 283.0 Quant il iot este lonc tenS.Li enemis qi mout

219.0 682.0 1135.0 120.0 estoit uiseus le mist en pensee.qe sa feme qi en

213.0 765.0 1168.0 114.0 une abeie estoit dedamoiseles ou seinz martins

213.0 844.0 1173.0 123.0 lauoit mise seroit bone ensamble olui.Si com

205.0 921.0 1165.0 141.0 il habitoit en cel leu seulement liestoit ia sa

195.0 1002.0 1177.0 137.0 pensee esmeue qil li uoloit auoir sans falle.

218.0 1082.0 1164.0 117.0 Dont requist ce li fous hermites aseint mar

213.0 1163.0 1133.0 112.0 tin.sili dist ce qil pensoit en son corage.

210.0 1253.0 1140.0 115.0 li seinz hom ne li uout otroier en nule ma

204.0 1326.0 1156.0 118.0 niere.car nestoit mie resons de metre feme

213.0 1409.0 1164.0 119.0 ensamble omoine:car cil nestoit mie ses ma

199.0 1494.0 1171.0 125.0 riz ne ele sespouse.Au daerrein qant li cheua

191.0 1586.0 1141.0 107.0 liers lot mout enchaucie:il li ot dit qe cil

188.0 1666.0 1145.0 104.0 proposement ne li pooit noient nuire.car

203.0 1750.0 1119.0 94.0 bien seust qil ne uoloit sele solaz non desa

204.0 1824.0 1170.0 110.0 feme:ne ne cremist mie qil se deuist metre

204.0 1913.0 1161.0 101.0 en charnele uolentez.car il estoit cheualiers

214.0 1993.0 1151.0 85.0 iesucrist.ele meismes auoit iure amener

212.0 2068.0 1106.0 113.0 seinte uie.Mes soffrist la li seinz euesqes

210.0 2161.0 1143.0 101.0 ensamble olui:car il ne sauroit uiure ne

194.0 2235.0 1139.0 108.0 mener seinte uie sanz li.Donc parla seinz

196.0 2332.0 1143.0 104.0 martins au cheualier si li dist.fus tu on

206.0 2413.0 1144.0 95.0 qes en estor nen bataille: cil li respondi iai

201.0 2501.0 1167.0 100.0 maintes foiz este en conroi en bataille.Sez

190.0 2570.0 1194.0 106.0 martins lidist : Or me di donqes se tu fus on

199.0 2651.0 1157.0 102.0 qes en conroi.qe tu ueisses apareille orde

215.0 2728.0 1091.0 108.0 ne por combatre feme estre ne embataille

216.0 2812.0 1072.0 107.0 ou tu combatisses.Qant li cheualiers oi

216.0 2887.0 1107.0 113.0 einsi parler le seint euesqe.il sapercut qil

219.0 2972.0 1126.0 116.0 auoit pense dit folie si en ot uergoigne.

214.0 3054.0 1110.0 112.0 Lors rendi graces anostre signor dece quil

210.0 3141.0 1125.0 106.0 ne li lut mie afere loeure qil auoit emp

208.0 3218.0 1134.0 112.0 se.Dont setorna seinz martins uers nos.

197.0 3305.0 1101.0 103.0 si nos dist qe feme ne deuoit mie estre

204.0 3384.0 1141.0 103.0 ensamble oles homes en batalle ne en con

194.0 3466.0 1181.0 117.0 roi ne en compaignies de cheualiers armez.

206.0 3549.0 1106.0 110.0 ainz se doit tenir en sa meson toute coie:

188.0 3629.0 1128.0 109.0 car femes estoient assamblees ensamble

196.0 3712.0 1119.0 113.0 otorbes de genz armees por combatre alor

201.0 3790.0 1161.0 118.0 enemis.lor enemi les despiroient plus qe

196.0 3875.0 1131.0 112.0 se nule nen iauoit.Li cheualiers doit estre

191.0 3952.0 1103.0 117.0 mis enconroi en compaignie.si se

196.0 4024.0 1110.0 133.0 doit combatre en la champaigne:la fe

205.0 4105.0 1102.0 124.0 me se contiegne dedenz sa meson:lasoit

196.0 4186.0 1104.0 118.0 tote coie:car la aquiert ele gloire ou elle

177.0 4263.0 1138.0 147.0 garde sa chaeste qant li hom ni est mie.

1649.0 577.0 1130.0 126.0 Ce est la premiere uertuz de Labstinance.

1644.0 675.0 1095.0 103.0 si est uictoire delui dedesirrier qele ne le

1647.0 755.0 1091.0 107.0 uoie.Et encore me souient bien fet gall

1646.0 828.0 1054.0 109.0 aseuerum son compaignon si cuic qe

1643.0 913.0 1062.0 104.0 tuten remembres qe seinz martins nos

1644.0 994.0 1103.0 102.0 soloit preeschier amonester dune uirge

1633.0 1073.0 1106.0 105.0 qi si se traioit arriere detoz les homes del

1638.0 1150.0 1075.0 103.0 monde:qele nen uoloit nul ueoir:neis

1640.0 1211.0 1123.0 123.0 seint martin ne uout elle esgarder qnt

1641.0 1313.0 1130.0 112.0 il lala une foiz por uisiter:Siuos dirai co

1627.0 1400.0 1108.0 113.0 ment il iala par quele auenture:si c

1611.0 1485.0 940.0 97.0 il meismes lenos raconta dist.

1892.0 1567.0 833.0 143.0 N ior auint qil trespassa pres

1909.0 1652.0 868.0 101.0 del leu ou la damoisele manoit

1843.0 1737.0 890.0 110.0 qi menoit molt seinte uie:si

1626.0 1816.0 1105.0 109.0 se pensa li seinz euesqes qil iroit cele pu

1625.0 1899.0 1130.0 112.0 cele uisiter honorer:qi estoit desi haute

1620.0 1975.0 1096.0 112.0 merite uers nostre signor.car il auoit

1621.0 2063.0 1108.0 112.0 souentes foiz oi parler desa foi de sa reli

1623.0 2149.0 1133.0 109.0 gion.Nos ensiuimes le seint home.si

1629.0 2230.0 1131.0 110.0 cuidames qe lauirge se deust molt eslee

1612.0 2319.0 1101.0 103.0 chier desa uenue.qe ce fust encore tes

1610.0 2395.0 1136.0 116.0 moing desa grant uertu:qe li seinz hom

1622.0 2472.0 1096.0 110.0 la fust uenue ueoir uisiter.Mes elle

1613.0 2564.0 1069.0 112.0 nalacha onqes les forz liiens qele auoit

1626.0 2650.0 1125.0 101.0 a son cuer mis asa ueue:car onqes ne le

1612.0 2731.0 1123.0 119.0 uout regarder ne ueoir.Seinz martins de

1626.0 2811.0 1096.0 108.0 manda por quel chose ce estoit.qe ladamoi

1614.0 2897.0 1096.0 100.0 sele ne se uout alui demostrer.une au

1612.0 2985.0 1117.0 103.0 tre feme li dist qelene uoloit onqes regar

1626.0 3060.0 1127.0 101.0 der ne ueoir nul home terrien en cest mon

1626.0 3136.0 1123.0 107.0 de. Qant seinz martins loi.il sen departi

1621.0 3216.0 1075.0 114.0 mout liez molt ioieus ce qe meint au

1600.0 3297.0 1140.0 121.0 tre home ne feissent mie.Or poez u sauoir

1610.0 3377.0 1107.0 102.0 entendre uos tuit qi crestien estes qe cele

1621.0 3458.0 1063.0 109.0 uirge estoit mout glorieuse.qi nesoffroit

1608.0 3545.0 1109.0 106.0 mie qe nus hom laueist:neis seinz marts

1618.0 3622.0 1103.0 112.0 qi estoit seintismes euesqes.Et seinz mar

1616.0 3709.0 1101.0 101.0 tins fu beneures qi ne se corroca mie de ce

1610.0 3786.0 1071.0 115.0 qele ne se lessa alui ueoir:einz loa molt

1604.0 3877.0 1081.0 117.0 nostre signor:por la grant uertu qil li a

1612.0 3963.0 1063.0 102.0 uoit donee:de ce qele donoit example

1607.0 4023.0 1095.0 126.0 aceles qi apres li estoient auenir.Et qnt

1601.0 4115.0 1129.0 120.0 nos fumes dela departiz:la nuis nos ut

1586.0 4202.0 1131.0 117.0 si proceine qil nos couint gesir aune peti

1595.0 4283.0 1119.0 108.0 te uilete:non mie molt loing dela ou la
